<?xml version="1.0" encoding="UTF-8"?><collection xmlns="http://www.loc.gov/MARC21/slim"><record><leader>00514nam--2200181-u-4500</leader><controlfield tag="001">000053274</controlfield><controlfield tag="002">20161230</controlfield><controlfield tag="005">20161230201051</controlfield><controlfield tag="008">110118s1000------------r-----000-0-fre-d</controlfield><datafield ind1=" " ind2=" " tag="040"><subfield code="a">IFIN-HH</subfield></datafield><datafield ind1=" " ind2=" " tag="041"><subfield code="a">fre</subfield></datafield><datafield ind1=" " ind2=" " tag="080"><subfield code="a">533951.7(043)</subfield></datafield><datafield ind1="1" ind2=" " tag="100"><subfield code="a">Pesme, Denis</subfield></datafield><datafield ind1="1" ind2="0" tag="245"><subfield code="a">Effects des couplages demodes dans la theorie de la turbulence faible des plasmas</subfield><subfield code="b">These</subfield><subfield code="c">Denis pesme</subfield></datafield><datafield ind1=" " ind2=" " tag="260"><subfield code="a">Orsay</subfield><subfield code="b">Universite Paris-sud</subfield><subfield code="c">1979</subfield></datafield><datafield ind1=" " ind2=" " tag="300"><subfield code="a">/PAG. DIF.</subfield></datafield><datafield ind1=" " ind2=" " tag="852"><subfield code="a">49719</subfield><subfield code="c">533.9</subfield></datafield><datafield ind1=" " ind2=" " tag="CAT"><subfield code="a">Sys</subfield><subfield code="c">20110118</subfield><subfield code="h">120907</subfield></datafield></record></collection>